@book{malvino1991principios,
  title={Principios de electr{\'o}nica},
  author={Malvino, Albert Paul and Bates, David J},
  volume={2},
  year={1991},
  publisher={McGraw-Hill}
}