@book{lilen1973tiristores,
  title={Tiristores y triacs: principios y aplicaciones de los tiristores, triacs, diacs, SBS, fototiristores, etc., con esquemas de aplicaci{\'o}n},
  author={Lilen, Henri},
  year={1973},
  publisher={Marcombo}
}
