@book{rashid2004electronica,
  title={Electr{\'o}nica de potencia: circuitos, dispositivos y aplicaciones},
  author={Rashid, Muhammad H},
  year={2004},
  publisher={Pearson Educaci{\'o}n}
}