@article{ainversores,
  title={Inversores de Giro para Motores a Pasos en Dispositivos de L{\'o}gica Programable},
  author={a Pasos, Teor{\'\i}a de Motores},
  journal={Una Introducci{\'o}n al Control de Flujo en la Comunicaci{\'o}n},
  pages={29}
}