@article{morenoanalisis,
  title={An{\'a}lisis del montaje Darlington},
  author={MORENO, JUAN ANDR{\'E}S DE ALBA}
}
