@book{coughlin1999amplificadores,
  title={Amplificadores operacionales y circuitos integrados lineales},
  author={Coughlin, Robert F and Driscoll, Frederick F},
  year={1999},
  publisher={Pearson educacion}
}


@article{contreras2005modulacion,
  title={Modulaci{\'o}n por ancho de pulso (PWM) y modulaci{\'o}n vectorial (SVM). Una introducci{\'o}n a las t{\'e}cnicas de modulaci{\'o}n},
  author={Contreras, Johnny Posada},
  journal={El Hombre y la M{\'a}quina},
  number={25},
  pages={70--83},
  year={2005},
  publisher={Universidad Aut{\'o}noma de Occidente}
}
